<?xml version="1.0" encoding="UTF-8"?><collection xmlns="http://www.loc.gov/MARC21/slim"><record><leader>00434nam--2200157-i-4500</leader><controlfield tag="001">000004661</controlfield><controlfield tag="002">20161230</controlfield><controlfield tag="005">20170306223238</controlfield><controlfield tag="008">060222s1000------------r-----000-0-eng-d</controlfield><datafield ind1=" " ind2=" " tag="100"><subfield code="a">Deutsch, Sid</subfield></datafield><datafield ind1=" " ind2=" " tag="245"><subfield code="a">Preparation de thorium-234 (ux1) de haute purete radioactive</subfield></datafield><datafield ind1=" " ind2=" " tag="260"><subfield code="a">Louvain</subfield><subfield code="b">Imprimerie Ceuterick</subfield><subfield code="c">1955</subfield></datafield><datafield ind1=" " ind2=" " tag="300"><subfield code="a">11 p</subfield></datafield><datafield ind1=" " ind2=" " tag="490"><subfield code="a">Bull.Sco.Chimique Belges</subfield></datafield><datafield ind1=" " ind2=" " tag="700"><subfield code="a">Nikolic, M</subfield></datafield><datafield ind1=" " ind2=" " tag="CAT"><subfield code="a">SYS</subfield><subfield code="c">20170306</subfield><subfield code="h">223238</subfield></datafield></record></collection>